%% This BibTeX bibliography file was created using BibDesk.
%% http://bibdesk.sourceforge.net/


%% Created for Christian Kj√¶r Larsen at 2015-03-20 10:20:08 +0100 


%% Saved with string encoding Unicode (UTF-8) 



@book{OOSE,
	Author = {Bernd Bruegge and Allen H. Dutoit},
	Date-Added = {2015-03-20 09:16:23 +0000},
	Date-Modified = {2015-03-20 09:19:33 +0000},
	Publisher = {Pearson Education Limited},
	Title = {Object-Oriented Software Engineering Using UML, Patterns, and Java},
	Year = {2014}}
