%% This BibTeX bibliography file was created using BibDesk.
%% http://bibdesk.sourceforge.net/


%% Created for Christian Kj√¶r Larsen at 2015-06-01 15:12:24 +0200 


%% Saved with string encoding Unicode (UTF-8) 



@book{molich,
	Author = {Rolf Molich},
	Date-Added = {2015-06-01 13:11:17 +0000},
	Date-Modified = {2015-06-01 13:12:22 +0000},
	Publisher = {Teknisk Forlag A/S},
	Title = {Brugervenlige edb-systemer},
	Year = {1994}}

@url{flask,
	Date-Added = {2015-05-24 12:40:20 +0000},
	Date-Modified = {2015-05-24 12:42:50 +0000},
	Title = {Flask (A Python Microframework)},
	Url = {http://flask.pocoo.org/}}

@article{nsbullet,
	Acmid = {26441},
	Address = {Los Alamitos, CA, USA},
	Author = {Brooks,Jr., Frederick P.},
	Date-Added = {2015-05-11 11:18:23 +0000},
	Date-Modified = {2015-05-11 11:18:57 +0000},
	Doi = {10.1109/MC.1987.1663532},
	Issn = {0018-9162},
	Issue_Date = {April 1987},
	Journal = {Computer},
	Month = apr,
	Number = {4},
	Numpages = {10},
	Pages = {10--19},
	Publisher = {IEEE Computer Society Press},
	Title = {No Silver Bullet Essence and Accidents of Software Engineering},
	Url = {http://dx.doi.org/10.1109/MC.1987.1663532},
	Volume = {20},
	Year = {1987},
	Bdsk-Url-1 = {http://dx.doi.org/10.1109/MC.1987.1663532}}

@article{gould1985designing,
	Author = {Gould, John D and Lewis, Clayton},
	Date-Added = {2015-04-20 09:31:22 +0000},
	Date-Modified = {2015-04-20 09:31:22 +0000},
	Journal = {Communications of the ACM},
	Number = {3},
	Pages = {300--311},
	Publisher = {ACM},
	Title = {Designing for usability: key principles and what designers think},
	Volume = {28},
	Year = {1985}}

@article{sutherland2010jeff,
	Author = {Sutherland, Jeff},
	Date-Added = {2015-04-16 14:32:33 +0000},
	Date-Modified = {2015-04-16 14:32:33 +0000},
	Journal = {Somerville: Scrum Training},
	Title = {Jeff Sutherland's Scrum Handbook},
	Year = {2010}}

@article{parnas1986rational,
	Author = {Parnas, David Lorge and Clements, Paul C.},
	Date-Added = {2015-04-15 13:11:23 +0000},
	Date-Modified = {2015-04-15 13:11:23 +0000},
	Journal = {Software Engineering, IEEE Transactions on},
	Number = {2},
	Pages = {251--257},
	Publisher = {IEEE},
	Title = {A rational design process: How and why to fake it},
	Year = {1986}}

@book{COCO,
	Author = {Steve McConnell},
	Date-Added = {2015-04-14 10:11:09 +0000},
	Date-Modified = {2015-04-14 10:12:43 +0000},
	Edition = {2},
	Publisher = {Microsoft Press},
	Title = {Code Complete},
	Year = {2004}}

@book{OOSE,
	Author = {Bernd Bruegge and Allen H. Dutoit},
	Date-Added = {2015-03-20 09:16:23 +0000},
	Date-Modified = {2015-03-20 09:19:33 +0000},
	Publisher = {Pearson Education Limited},
	Title = {Object-Oriented Software Engineering Using UML, Patterns, and Java},
	Year = {2014}}
