%% This BibTeX bibliography file was created using BibDesk.
%% http://bibdesk.sourceforge.net/


%% Created for Christian Kj√¶r Larsen at 2015-04-15 15:12:54 +0200 


%% Saved with string encoding Unicode (UTF-8) 



@article{parnas1986rational,
	Author = {Parnas, David Lorge and Clements, Paul C.},
	Date-Added = {2015-04-15 13:11:23 +0000},
	Date-Modified = {2015-04-15 13:11:23 +0000},
	Journal = {Software Engineering, IEEE Transactions on},
	Number = {2},
	Pages = {251--257},
	Publisher = {IEEE},
	Title = {A rational design process: How and why to fake it},
	Year = {1986}}

@book{COCO,
	Author = {Steve McConnell},
	Date-Added = {2015-04-14 10:11:09 +0000},
	Date-Modified = {2015-04-14 10:12:43 +0000},
	Edition = {2},
	Publisher = {Microsoft Press},
	Title = {Code Complete},
	Year = {2004}}

@book{OOSE,
	Author = {Bernd Bruegge and Allen H. Dutoit},
	Date-Added = {2015-03-20 09:16:23 +0000},
	Date-Modified = {2015-03-20 09:19:33 +0000},
	Publisher = {Pearson Education Limited},
	Title = {Object-Oriented Software Engineering Using UML, Patterns, and Java},
	Year = {2014}}
